@book{fpp3,
title = "Forecasting: principles and practice, 3rd edition",
year = 2021,
author = "Rob J Hyndman and George Athanasopoulos",
publisher = "OTexts: Melbourne, Australia. OTexts.com/fpp3. Accessed on May"
}

@article{rnn2019,
author    = {Hansika Hewamalage and
            Christoph Bergmeir and
            Kasun Bandara},
title     = {Recurrent Neural Networks for Time Series Forecasting: Current Status
            and Future Directions},
journal   = {CoRR},
volume    = {abs/1909.00590},
year      = {2019},
url       = {http://arxiv.org/abs/1909.00590},
archivePrefix = {arXiv},
eprint    = {1909.00590},
timestamp = {Mon, 16 Sep 2019 17:27:14 +0200},
biburl    = {https://dblp.org/rec/journals/corr/abs-1909-00590.bib},
bibsource = {dblp computer science bibliography, https://dblp.org}
}

@misc{m52020,
author = {Makridakis, Spyros and Spiliotis, Evangelos and Assimakopoulos, Vassilis and Chen, Zhi and Gaba, Anil and Tsetlin, Ilia and Winkler, Robert},
year = {2020},
month = {11},
pages = {},
title = {The M5 Uncertainty competition: Results, findings and conclusions},
url = {https://www.researchgate.net/publication/346493740_The_M5_Uncertainty_competition_Results_findings_and_conclusions}
}

@article{tsdeeplearning2021,
author = {Lim, Bryan and Zohren, Stefan},
year = {2021},
month = {04},
pages = {20200209},
title = {Time-series forecasting with deep learning: a survey},
volume = {379},
journal = {Philosophical transactions. Series A, Mathematical, physical, and engineering sciences},
doi = {10.1098/rsta.2020.0209}
}

@article{introductiondgm2021,
title={An Introduction to Deep Generative Modeling}, 
author={Lars Ruthotto and Eldad Haber},
year={2021},
journal={arXiv:2103.05180},
archivePrefix={arXiv},
primaryClass={cs.LG}
}

@article{goodfellow2014,
title={Generative Adversarial Networks}, 
author={Ian J. Goodfellow and Jean Pouget-Abadie and Mehdi Mirza and Bing Xu and David Warde-Farley and Sherjil Ozair and Aaron Courville and Yoshua Bengio},
year={2014},
journal={arXiv:1406.2661},
archivePrefix={arXiv},
primaryClass={stat.ML}
}

@article{choi2018stargan,
title={StarGAN: Unified Generative Adversarial Networks for Multi-Domain Image-to-Image Translation}, 
author={Yunjey Choi and Minje Choi and Munyoung Kim and Jung-Woo Ha and Sunghun Kim and Jaegul Choo},
year={2018},
journal={arXiv:1711.09020},
archivePrefix={arXiv},
primaryClass={cs.CV}
}

@article{oord2016wavenet,
  author    = {Olof Mogren},
  title     = {{C-RNN-GAN:} Continuous recurrent neural networks with adversarial
               training},
  journal   = {CoRR},
  volume    = {abs/1611.09904},
  year      = {2016},
  archivePrefix = {arXiv},
  eprint    = {1611.09904},
  timestamp = {Mon, 13 Aug 2018 16:46:34 +0200},
  biburl    = {https://dblp.org/rec/journals/corr/Mogren16.bib},
  bibsource = {dblp computer science bibliography, https://dblp.org}
}

@article{koochali2020like,
title={If You Like It, GAN It. Probabilistic Multivariate Times Series Forecast With GAN}, 
author={Alireza Koochali and Andreas Dengel and Sheraz Ahmed},
year={2020},
journal={arXiv:2005.01181},
archivePrefix={arXiv},
primaryClass={cs.LG}
}

@article{lezmi2020improving,
title={Improving the Robustness of Trading Strategy Backtesting with Boltzmann Machines and Generative Adversarial Networks}, 
author={Edmond Lezmi and Jules Roche and Thierry Roncalli and Jiali Xu},
year={2020},
journal={arXiv:2007.04838},
archivePrefix={arXiv},
primaryClass={cs.LG}
}

@article{quantgan2020,
title={Quant GANs: deep generation of financial time series},
volume={20},
ISSN={1469-7696},
url={http://dx.doi.org/10.1080/14697688.2020.1730426},
DOI={10.1080/14697688.2020.1730426},
number={9},
journal={Quantitative Finance},
publisher={Informa UK Limited},
author={Wiese, Magnus and Knobloch, Robert and Korn, Ralf and Kretschmer, Peter},
year={2020},
month={Apr},
pages={1419–1440}
}

@article{MAKRIDAKIS202054,
title = {The M4 Competition: 100,000 time series and 61 forecasting methods},
journal = {International Journal of Forecasting},
volume = {36},
number = {1},
pages = {54-74},
year = {2020},
note = {M4 Competition},
issn = {0169-2070},
doi = {https://doi.org/10.1016/j.ijforecast.2019.04.014},
url = {https://www.sciencedirect.com/science/article/pii/S0169207019301128},
author = {Spyros Makridakis and Evangelos Spiliotis and Vassilios Assimakopoulos},
}

@book{mts2007,
author = {Ltkepohl, Helmut},
title = {New Introduction to Multiple Time Series Analysis},
year = {2007},
isbn = {3540262393},
publisher = {Springer Publishing Company, Incorporated},
}

@article{guerrero93,
author = {Guerrero, Victor M.},
title = {Time-series analysis supported by power transformations},
journal = {Journal of Forecasting},
volume = {12},
number = {1},
pages = {37-48},
keywords = {ARIMA models, Bias reduction, Forecasting, Taylor series approximation, Time-series models, Variance-stabilizing},
doi = {https://doi.org/10.1002/for.3980120104},
eprint = {https://onlinelibrary.wiley.com/doi/pdf/10.1002/for.3980120104},
year = {1993}
}

@article{koshiyama2019generative,
title={Generative Adversarial Networks for Financial Trading Strategies Fine-Tuning and Combination}, 
author={Adriano Koshiyama and Nick Firoozye and Philip Treleaven},
year={2019},
journal={arXiv:1901.01751},
archivePrefix={arXiv},
primaryClass={cs.LG}
}

@inproceedings{normflow2021,
title={Multivariate Probabilistic Time Series Forecasting via Conditioned Normalizing Flows},
author={Kashif Rasul and Abdul-Saboor Sheikh and Ingmar Schuster and Urs M Bergmann and Roland Vollgraf},
booktitle={International Conference on Learning Representations},
year={2021},
url={https://openreview.net/forum?id=WiGQBFuVRv}
}

@article{vaswani2017attention,
title={Attention Is All You Need}, 
author={Ashish Vaswani and Noam Shazeer and Niki Parmar and Jakob Uszkoreit and Llion Jones and Aidan N. Gomez and Lukasz Kaiser and Illia Polosukhin},
year={2017},
journal={arXiv:1706.03762},
archivePrefix={arXiv},
primaryClass={cs.CL}
}

@article{bahdanau2016neural,
title={Neural Machine Translation by Jointly Learning to Align and Translate}, 
author={Dzmitry Bahdanau and Kyunghyun Cho and Yoshua Bengio},
year={2016},
journal={arXiv:1409.0473},
archivePrefix={arXiv},
primaryClass={cs.CL}
}

@article{BaiTCN2018,
author    = {Shaojie Bai and J. Zico Kolter and Vladlen Koltun},
title     = {An Empirical Evaluation of Generic Convolutional and Recurrent Networks for Sequence Modeling},
journal   = {arXiv:1803.01271},
year      = {2018},
}

@article{gaussiantcn2020,
title = {Probabilistic forecasting with temporal convolutional neural network},
journal = {Neurocomputing},
volume = {399},
pages = {491-501},
year = {2020},
issn = {0925-2312},
doi = {https://doi.org/10.1016/j.neucom.2020.03.011},
url = {https://www.sciencedirect.com/science/article/pii/S0925231220303441},
author = {Yitian Chen and Yanfei Kang and Yixiong Chen and Zizhuo Wang},
keywords = {Probabilistic forecasting, Convolutional neural network, Dilated causal convolution, Demand forecasting, High-dimensional time series},
}

@inproceedings{Salinas2019HighDimensionalMF,
title={High-Dimensional Multivariate Forecasting with Low-Rank Gaussian Copula Processes},
author={David Salinas and Michael Bohlke-Schneider and Laurent Callot and Roberto Medico and Jan Gasthaus},
booktitle={NeurIPS},
year={2019}
}

@book{Koenker2005,
added-at = {2011-08-05T16:14:08.000+0200},
asin = {0521608279},
author = {Koenker, Roger},
biburl = {https://www.bibsonomy.org/bibtex/21c628b2e5882b736f61bc089ad9c3e29/marsianus},
description = {Quantile Regression (Econometric Society Monographs): Amazon.de: Roger Koenker: Englische Bücher},
dewey = {519.536},
ean = {9780521608275},
interhash = {ba23698618b8160eeb076d27eff6591f},
intrahash = {1c628b2e5882b736f61bc089ad9c3e29},
isbn = {0521608279},
keywords = {Regression Regression:quantile},
publisher = {Cambridge University Press},
series = {Econometric Society Monographs},
timestamp = {2014-05-19T19:50:18.000+0200},
title = {Quantile Regression},
year = 2005
}


@inproceedings{tsgan,
author = {Yoon, Jinsung and Jarrett, Daniel and van der Schaar, Mihaela},
booktitle = {Advances in Neural Information Processing Systems},
editor = {H. Wallach and H. Larochelle and A. Beygelzimer},
publisher = {Curran Associates, Inc.},
title = {Time-series Generative Adversarial Networks},
volume = {32},
year = {2019}
}

@article{cganforts,
author    = {Kaleb E. Smith and
Anthony O. Smith},
title     = {Conditional {GAN} for timeseries generation},
journal   = {CoRR},
volume    = {abs/2006.16477},
year      = {2020},
archivePrefix = {arXiv},
eprint    = {2006.16477},
timestamp = {Thu, 02 Jul 2020 14:42:48 +0200},
biburl    = {https://dblp.org/rec/journals/corr/abs-2006-16477.bib},
bibsource = {dblp computer science bibliography, https://dblp.org}
}

@article{deepar,
author    = {Valentin Flunkert and
David Salinas and
Jan Gasthaus},
title     = {DeepAR: Probabilistic Forecasting with Autoregressive Recurrent Networks},
journal   = {CoRR},
volume    = {abs/1704.04110},
year      = {2017},
archivePrefix = {arXiv},
eprint    = {1704.04110},
timestamp = {Mon, 13 Aug 2018 16:46:25 +0200},
biburl    = {https://dblp.org/rec/journals/corr/FlunkertSG17.bib},
bibsource = {dblp computer science bibliography, https://dblp.org}
}

@inproceedings{multihorizon,
author = {Fan, Chenyou and Zhang, Yuze and Pan, Yi and Li, Xiaoyue and Zhang, Chi and Yuan, Rong and Wu, Di and Wang, Wensheng and Pei, Jian and Huang, Heng},
title = {Multi-Horizon Time Series Forecasting with Temporal Attention Learning},
year = {2019},
isbn = {9781450362016},
publisher = {Association for Computing Machinery},
address = {New York, NY, USA},
doi = {10.1145/3292500.3330662},
booktitle = {Proceedings of the 25th ACM SIGKDD International Conference on Knowledge Discovery; Data Mining},
pages = {2527–2535},
numpages = {9},
location = {Anchorage, AK, USA},
series = {KDD '19}
}

@article{interpr,
title={Temporal Fusion Transformers for Interpretable Multi-horizon Time Series Forecasting}, 
author={Bryan Lim and Sercan O. Arik and Nicolas Loeff and Tomas Pfister},
year={2020},
journal={arXiv:1912.09363},
archivePrefix={arXiv},
primaryClass={stat.ML}
}

@article{borovykh2018conditional,
title={Conditional Time Series Forecasting with Convolutional Neural Networks}, 
author={Anastasia Borovykh and Sander Bohte and Cornelis W. Oosterlee},
year={2018},
journal={arXiv:1703.04691},
archivePrefix={arXiv},
primaryClass={stat.ML}
}